@article{Al-Ali2017AApproach,
    title = {{A smart home energy management system using IoT and big data analytics approach}},
    year = {2017},
    journal = {IEEE Transactions on Consumer Electronics},
    author = {Al-Ali, A. R. and Zualkernan, Imran A. and Rashid, Mohammed and Gupta, Ragini and Alikarar, Mazin},
    number = {4},
    month = {11},
    pages = {426--434},
    volume = {63},
    publisher = {Institute of Electrical and Electronics Engineers Inc.},
    doi = {10.1109/TCE.2017.015014},
    issn = {15584127},
    keywords = {Business Intelligence, Data Analytics, Energy Management System, HVAC, Internet of Things, MQTT, System on Chip}
}

@article{Matsui2018AnSensors,
    title = {{An information provision system to promote energy conservation and maintain indoor comfort in smart homes using sensed data by IoT sensors}},
    year = {2018},
    journal = {Future Generation Computer Systems},
    author = {Matsui, Kanae},
    month = {5},
    pages = {388--394},
    volume = {82},
    publisher = {North-Holland},
    doi = {10.1016/J.FUTURE.2017.10.043},
    issn = {0167-739X},
    keywords = {Feasibility study, Information provision, Intelligent recommendation system, Internet of Things, Secondary use of data, Smart home}
}

@article{Protopsaltis2020DataChallenges,
    title = {{Data Visualization in Internet of Things: Tools, Methodologies, and Challenges}},
    year = {2020},
    journal = {ARES},
    author = {Protopsaltis, Antonis and Sarigiannidis, Panagiotis and Margounakis, Dimitrios and Lytos, Anastasios},
    month = {8},
    volume = {},
    url = {https://doi.org/10.1145/3407023.3409228},
    doi = {10.1145/3407023.3409228},
    keywords = {Application Security, CCS CONCEPTS, Intrusion detection and visualization, Secure communication protocols KEYWORDS Internet of Things (IoT), Data Visualization, Big Data, Anomaly Detection ACM Reference format: Antonis Protopsaltis, Panagiotis Sarigiannidis, Dimitrios Margounakis and}
}

@article{Kong2012GraphicalReading,
    title = {{Graphical overlays: Using layered elements to aid chart reading}},
    year = {2012},
    journal = {IEEE Transactions on Visualization and Computer Graphics},
    author = {Kong, Nicholas and Agrawala, Maneesh},
    number = {12},
    pages = {2631--2638},
    volume = {18},
    doi = {10.1109/TVCG.2012.229},
    issn = {10772626},
    keywords = {Visualization, graph comprehension, graphical perception, overlays}
}

@article{Machorro-Cano2020HEMS-IoT:Saving,
    title = {{HEMS-IoT: A Big Data and Machine Learning-Based Smart Home System for Energy Saving}},
    year = {2020},
    journal = {Energies 2020, Vol. 13, Page 1097},
    author = {Machorro-Cano, Isaac and Alor-Hern{\'{a}}ndez, Giner and Paredes-Valverde, Mario Andrés and Rodr{\'{i}}guez-Mazahua, Lisbeth and S{\'{a}}nchez-Cervantes, José Luis and Olmedo-Aguirre, José Oscar},
    number = {5},
    month = {3},
    pages = {1097},
    volume = {13},
    publisher = {Multidisciplinary Digital Publishing Institute},
    url = {https://www.mdpi.com/1996-1073/13/5/1097/htm https://www.mdpi.com/1996-1073/13/5/1097},
    doi = {10.3390/EN13051097},
    issn = {1996-1073},
    keywords = {IoT, domotic, energy saving, machine learning, monitoring}
}

@article{StephenFew2006InformationDesign,
    title = {{Information Dashboard Design}},
    year = {2006},
    author = {Stephen Few, By},
    url = {www.it-ebooks.info},
    isbn = {0-596-10016-7}
}

@article{Midway2020PrinciplesVisualization,
    title = {{Principles of Effective Data Visualization}},
    year = {2020},
    journal = {Patterns},
    author = {Midway, Stephen R.},
    number = {9},
    month = {12},
    pages = {100141},
    volume = {1},
    publisher = {Elsevier},
    doi = {10.1016/J.PATTER.2020.100141},
    issn = {2666-3899},
    keywords = {DSML 5: Mainstream: Data science output is well understood and (nearly) universally adopted}
}

@article{Kamal2021RecentSurvey,
    title = {{Recent advances and challenges in uncertainty visualization: a survey}},
    year = {2021},
    journal = {Journal of Visualization},
    author = {Kamal, Aasim and Dhakal, Parashar and Javaid, Ahmad Y. and Devabhaktuni, Vijay K. and Kaur, Devinder and Zaientz, Jack and Marinier, Robert},
    number = {5},
    month = {10},
    pages = {861--890},
    volume = {24},
    publisher = {Springer Science and Business Media Deutschland GmbH},
    url = {https://link.springer.com/article/10.1007/s12650-021-00755-1},
    doi = {10.1007/S12650-021-00755-1/FIGURES/8},
    issn = {18758975},
    keywords = {Data visualization, Uncertainty evaluation, Uncertainty quantification, Uncertainty representation, Uncertainty sources, Uncertainty visualization}
}

@article{Heer2009SizingVisualizations,
    title = {{Sizing the Horizon: The Effects of Chart Size and Layering on the Graphical Perception of Time Series Visualizations}},
    year = {2009},
    journal = {CHI},
    author = {Heer, Jeffrey and Kong, Nicholas and Agrawala, Maneesh},
    month = {4},
    isbn = {9781605582467},
    keywords = {Author Keywords Visualization, graphical perception, horizon graphs ACM Classification Keywords H52 Information Interfaces: User Interfaces, line charts, time series}
}

@article{Heer2009SizingVisualizationsb,
    title = {{Sizing the Horizon: The Effects of Chart Size and Layering on the Graphical Perception of Time Series Visualizations}},
    year = {2009},
    author = {Heer, Jeffrey and Kong, Nicholas and Agrawala, Maneesh},
    isbn = {9781605582467},
    keywords = {Author Keywords Visualization, graphical perception, horizon graphs ACM Classification Keywords H52 Information Interfaces: User Interfaces, line charts, time series}
}

@misc{2024SmartForecast,
    title = {{Smart Appliances - Europe | Statista Market Forecast}},
    year = {2024},
    month = {3},
    url = {https://es.statista.com/outlook/dmo/smart-home/smart-appliances/europe#global-comparison}
}

@article{Sovacool2020SmartPolicies,
    title = {{Smart home technologies in Europe: A critical review of concepts, benefits, risks and policies}},
    year = {2020},
    journal = {Renewable and Sustainable Energy Reviews},
    author = {Sovacool, Benjamin K. and Furszyfer Del Rio, Dylan D.},
    month = {3},
    pages = {109663},
    volume = {120},
    publisher = {Pergamon},
    doi = {10.1016/J.RSER.2019.109663},
    issn = {1364-0321},
    keywords = {Digital society, Energy and buildings, Energy feedback, Smart grids, Smart home technologies, Smart homes, Smart meters}
}

@misc{Hendricks2014TheHomes,
    title = {{The History of Smart Homes}},
    year = {2014},
    author = {Hendricks, Drew},
    month = {4},
    url = {https://www.iotevolutionworld.com/m2m/articles/376816-history-smart-homes.htm}
}

@misc{The2022,
    title = {{The number of smart homes in Europe and North America reached 120 million in 2022}},
    url = {https://www.berginsight.com/the-number-of-smart-homes-in-europe-and-north-america-reached-120-million-in-2022}
}

@misc{2023TheNews,
    title = {{The Smart Home Revolution: How IoT Is Transforming Modern Living - IoT Business News}},
    year = {2023},
    month = {11},
    url = {https://iotbusinessnews.com/2023/11/10/89810-the-smart-home-revolution-how-iot-is-transforming-modern-living/}
}

@article{Padilla2021UncertainVisualizations,
    title = {{Uncertain About Uncertainty: How Qualitative Expressions of Forecaster Confidence Impact Decision-Making With Uncertainty Visualizations}},
    year = {2021},
    journal = {Frontiers in Psychology},
    author = {Padilla, Lace M.K. and Powell, Maia and Kay, Matthew and Hullman, Jessica},
    number = {2},
    month = {1},
    pages = {579267},
    volume = {11},
    publisher = {Frontiers Media S.A.},
    url = {www.frontiersin.org},
    doi = {10.3389/FPSYG.2020.579267/BIBTEX},
    issn = {16641078},
    keywords = {aleatory, cognition, decision-making, direct uncertainty, indirect uncertainty, quantile dotplots, uncertainty, visualization}
}

@misc{TeamBytebeam2023UnleashingRevealed,
    title = {{Unleashing IoT Data Visualization: The Power of Data Revealed}},
    year = {2023},
    author = {{Team Bytebeam}},
    month = {8},
    url = {https://bytebeam.io/blog/guide-to-iot-data-visualization/}
}

@misc{NarsunStudios2023UsingFuture,
    title = {{Using AI to Creating Smart Homes of the Future}},
    year = {2023},
    booktitle = {Medium},
    author = {{Narsun Studios}},
    month = {6},
    url = {https://narsunstudios.medium.com/using-ai-to-creating-smart-homes-of-the-future-79c6245acbe1}
}

@article{GrietheVisualizingMaking,
    title = {{Visualizing Uncertainty for Improved Decision Making}},
    author = {Griethe, Henning}
}

@article{CastelliWhatVisualization,
    title = {{What Happened in my Home?: An End-User Development Approach for Smart Home Data Visualization}},
    author = {Castelli, Nico and Ogonowski, Corinna and Jakobi, Timo and Stein, Martin and Stevens, Gunnar and Wulf, Volker},
    url = {http://dx.doi.org/10.1145/3025453.3025485},
    isbn = {9781450346559},
    doi = {10.1145/3025453.3025485},
    keywords = {Author Keywords Smart Home, Data Visualization, Interface Design ACM Classification Keywords H52 User interfaces-User-centered design, Living Lab, Qualitative Study, domestic routines}
}

@misc{Urwin2023WhatIn,
    title = {{What Is a Smart Home? | Built In}},
    year = {2023},
    author = {Urwin, Matthew and Glover, Ellen},
    month = {11},
    url = {https://builtin.com/articles/what-is-a-smart-home}
}

@article{Solaimani2015WhatLiterature,
    title = {{What we do - And don't - Know about the Smart Home: An analysis of the Smart Home literature}},
    year = {2015},
    journal = {Indoor and Built Environment},
    author = {Solaimani, Sam and Keijzer-Broers, Wally and Bouwman, Harry},
    number = {3},
    month = {5},
    pages = {370--383},
    volume = {24},
    publisher = {SAGE Publications Ltd},
    url = {https://journals.sagepub.com/doi/full/10.1177/1420326X13516350},
    doi = {10.1177/1420326X13516350/ASSET/IMAGES/LARGE/10.1177{\_}1420326X13516350-FIG2.JPEG},
    issn = {14230070},
    keywords = {Literature review, Qualitative meta-analysis, Service-Technology-Organization-Finance model (STOF), Smart Home}
}

@article{Unwin2020WhyVisualization,
    title = {{Why Is Data Visualization Important? What Is Important in Data Visualization?}},
    year = {2020},
    journal = {Harvard Data Science Review},
    author = {Unwin, Anthony},
    number = {1},
    month = {1},
    volume = {2},
    publisher = {PubPub},
    url = {https://hdsr.mitpress.mit.edu/pub/zok97i7p/release/4},
    doi = {10.1162/99608F92.8AE4D525},
    issn = {2644-2353}
}